@Article{aslin07,
author = {R. Aslin},
title = {What's in a look?},
journal = {Developmental Science},
year = {2007},
volume = {10}
}

@Article{aslin12,
author = {R. Aslin},
title = {Infant eyes: A window on cognitive development},
journal = {Infancy},
year = {2012},
volume = {17}
}

@Article{bahrick85,
author = {L. Bahrick and J. Watson},
title = {Detection of intermodal proprioceptive-visual contingency as a potential basis of self-perception in infancy},
journal = {Developmental Psychology},
year = {1985},
volume = {21}
}

@Article{baillargeon85,
author = {R. Baillargeon and E. Spelke and S. Wassermann},
title = {Object permanence in five-month-old infants},
journal = {Cognition},
year = {1985},
volume = {20}
}

@Book{baldassarre13,
editor = {G. Baldassarre and M. Mirolli},
title = {Intrinsically Motivated Learning in Natural and Artificial Systems},
year = {2013},
publisher = {Springer, Berlin}
}

@InBook{baldassarre13b,
author = {G. Baldassarre and M. Mirolli},
editor = {G. Baldassarre and M. Mirolli},
title = {Intrinsically Motivated Learning in Natural and Artificial Systems},
chapter = {Intrinsically motivated learning systems: an overview},
publisher = {Springer-Verlag, Berlin},
year = {2013}
}

@Article{baldassarre14,
author = {G. Baldassarre and T. Stafford and M. Mirolli and P. Redgrave and R. Ryan and A. Barto},
title = {Intrinsic motivations and open-ended development in animals, humans, and robots: an overview},
journal = {frontiers in Psychology},
year = {2014},
volume = {5}
}

@Article{baranes13,
author = {A. Baranes and P. Oudeyer},
title = {Active learning of inverse models with intrinsically motivated goal exploration in robots},
journal = {Robotics and Autonomous Systems},
year = {2013},
volume = {61}
}

@InBook{barto95,
author = {A. Barto},
chapter = {Adaptive critics and the basal ganglia},
editor = {J. Houk and J. Davis and D. Beiser},
title = {Models of Information Processing in the Basal Ganglia},
year = {1995},
publisher = {MIT, Cambridge}
}

@InProceedings{barto04,
author = {A. Barto and S. Singh and N. Chentanez},
title = {Intrinsically motivated learning of hierarchical collections of skills},
booktitle = {International Conference on Development and Learning (ICDL) 2004},
year = {2004},
editor = {J. Triesch and T. Jebara}
}

@InBook{barto13,
author = {A. Barto},
editor = {G. Baldassarre and M. Mirolli},
title = {Intrinsically Motivated Learning in Natural and Artificial Systems},
chapter = {Intrinsic motivation and reinforcement learning},
publisher = {Springer-Verlag, Berlin},
year = {2013}
}

@Article{berlyne54,
author = {D. Berlyne},
title = {A theory of human curiosity},
journal = {British Journal of Psychology},
year = {1954},
volume = {45}
}

@Book{berlyne60,
author = {D. Berlyne},
title = {Conflict, Arousal, Curiosity},
publisher = {McGraw-Hill, New York},
year = {1960}
}

@Article{berlyne66,
author = {D. Berlyne},
title = {Curiosity and exploration},
journal = {Science},
year = {1966},
volume = {143}
}

@Book{berlyne71,
author = {D. Berlyne},
title = {Aesthetics and Psychobiology},
publisher = {Appleton-Century-Crofts, New York},
year = {1971}
}

@Article{bg13,
author = {R. Bolado-Gomez and K. Gurney},
title = {A biologically plausible embodied model of action discovery},
journal = {frontiers in Neurorobotics},
year = {2013},
volume = {7}
}

@PhdThesis{bg14,
author = {R. Bolado-Gomez},
title = {The basal ganglia and the dopaminergic system: a computational study of the
‘sensory prediction error’ interpretation},
school = {University of Sheffield},
year = {2014}
}

@Unpublished{bolhuis17,
author = {J. Bolhuis and M. Murakami and T. Kolling and J. Triesch and M. Knopf},
title = {Gaze-Contingency Learning and Memory with 8 Months of Age},
note = {in preparation}
}

@Article{bronson90,
author = {G. Bronson},
title = {Changes in infants' visual scanning across the 2- to 14-week age period},
journal = {Journal of Experimental Child Psychology},
year = {1990},
volume = {49}
}

@Article{bruce07,
author = {N. Bruce and J. Tsotsos},
title = {Attention based on information maximization},
journal = {Journal of Vision},
year = {2007},
volume = {7}
}

@Article{bush45,
author = {V. Bush},
title = {Science: The endless frontier},
journal = {Transactions of the Kansas Academy of Science (1903-)},
year = {1945},
volume = {48}
}

@Book{cannon32,
author = {W. Cannon},
title = {The Wisdom of the Body},
publisher = {W.W. Norton, New York},
year = {1932}
}

@Book{cofer64,
author = {C. Cofer and M. Appley},
title = {Motivation: Theory and Research},
publisher = {Wiley, New York},
year = {1964}
}

@Article{cohen72,
author = {L. Cohen},
title = {Attention-getting and attention-holding processes of infant visual preferences},
journal = {Child Development},
year = {1972},
volume = {43}
}

@Article{csibra99,
author = {G. Csibra and G. Gergely and S. B\'ir\'o and O. Ko\'os and M. Brockbank},
title = {Goal attribution without agency cues: the perception of 'pure reason' in infancy},
journal = {Cognition},
year = {1999},
volume = {72}
}

@Article{decasper80,
author = {A. DeCasper and W. Fifer},
title = {Of human bonding: Newborns prefer their mothers' voices},
journal = {Science},
year = {1980},
volume = {208}
}

@Book{deci85,
author = {E. Deci and R. Ryan},
title = {Intrinsic Motivation and Self-Determination in Human Behavior},
publisher = {Plenum, New York},
year = {1985}
}

@Book{deHaan13,
ALTauthor = {},
editor = {M. de Haan},
title = {Infant EEG and Event-Related Potentials},
publisher = {Psychology Press},
year = {2013}
}

@Article{dehaene06,
author = {G. Dehaene-Lambertz and L. Hertz-Pannier and J. Dubois},
title = {Nature and nurture in language acquisition: anatomical and functional brain-imaging studies in infants},
journal = {Trends in Neurosciences},
year = {2006}
}

@Article{deligianna11,
author = {F. Deligianna and A. Senju and G. Gergely and G. Csibra},
title = {Automated gaze-contingent objects elicit orientation following in 8-month-old infants},
journal = {Developmental Psychology},
year = {2011},
volume = {47}
}

@Article{dommett05,
author = {E. Dommett and V. Coizet and C. Blaha and J. Martindale and V. Lefebvre and N. Walton and J. Mayhew and P. Overton and P. Redgrave},
title = {How visual stimuli activate dopaminergic neurons at short latency},
journal = {Science},
year = {2005},
volume = {307}
}

@Article{doya99,
author = {K. Doya},
title = {What are the computations of the cerebellum, the basal ganglia and the cerebral cortex?},
journal = {Neural Networks},
year = {1999},
volume = {12}
}

@Article{doya00,
author = {K. Doya},
title = {Complementary roles of basal ganglia and cerebellum in learning and motor control},
journal = {Current Opinions in Neurobiology},
year = {2000},
volume = {10}
}

@Article{duchowski02,
author = {A. Duchowski},
title = {A breadth-first survey of eye-tracking applications},
journal = {Behavior Research Methods},
year = {2002},
volume = {34}
}

@Article{fantz64,
author = {R. Fantz},
title = {Visual experience in infants: Decreased attention to familiar patterns relative to novel ones},
journal = {Science},
year = {1964},
volume = {146}
}

@Article{gancarz11,
author = {A. Gancarz and M. San George and L. Ashrafioun and J. Richards},
title = {Locomotor activity in a novel environment predicts both responding for a visual stimulus and self-administration of a low dose of methamphetamine in rats},
journal = {Behavioral Processes},
year = {2011},
volume = {86}
}

@Article{gredebaeck09,
author = {G. Gredeb\"ack and S. Johnson and C. von Hofsten},
title = {Eye tracking in infancy research},
journal = {Developmental Neuropsychology},
year = {2009},
volume = {35}
}

@Article{gurney09,
author = {K. Gurney and M. Humphries and P. Redgrave},
title = {Cortico-striatal plasticity for action-outcome learning using spike timing dependent eligibility},
journal = {BMC Neuroscience},
year = {2009},
volume = {10}
}

@InBook{gurney12,
author = {K. Gurney and N. Leopra and A. Shah and A. Koene and P. Redgrave},
editor = {G. Baldassarre and M. Mirolli},
title = {Intrinsically Motivated Learning in Natural and Artificial Systems},
chapter = {Action discovery and intrinsic motivation: A biologically constrained formalisation},
year = {2012},
publisher = {Springer-Verlag, Berlin}
}

@Book{gurney13,
author = {K. Gurney and N. Lepora and A. Shah and A. Koene and P. Redgrave},
title = {Action Discovery and Intrinsic Motivation: A Biologically Constrained Formalisation},
publisher = {Berlin: Springer Verlag},
year = {2013}
}

@Article{gurney15,
author = {K. Gurney and M. Humphries and P. Redgrave},
title = {A new framework for cortico-striatal plasticity: behavioural theory meets in vitro data at the reinforcement-action interfacey},
journal = {PLoS Biology},
year = {2015},
volume = {13}
}

@Article{haith88,
author = {M. Haith and C. Hazan and G. Goodman},
title = {Expectation and anticipation of dynamic visual events by 3.5-month-old babies},
journal = {Child Development},
year = {1988},
volume = {59}
}

@InBook{hansen06,
author = {N. Hansen},
ALTeditor = {•},
title = {Towards a new evolutionary computation},
chapter = {The CMA evolution strategy: a comparing review},
publisher = {Springer Berlin Heidelberg},
year = {2006}
}

@Misc{hansen11,
author = {N. Hansen},
title = {The {CMA Evolution Strategy: A Tutorial}},
year = {2011}
}

@Article{harlow50,
author = {H. Harlow},
title = {Learning and satiation of response in intrinsically motivated complex puzzle performance by monkeys},
journal = {Journal of Comparative and Physiological Psychology},
year = {1950},
volume = {43}
}

@Article{harlow50b,
author = {H. Harlow and M. Harlow and D. Meyer},
title = {Learning motivated by a manipulation drive},
journal = {Journal of Experimental Psychology},
year = {1950},
volume = {40}
}

@Article{holm79,
author = {S. Holm},
title = {A simple sequentially rejective multiple test procedure},
journal = {Scandinavian Journal of Statistics},
year = {1979},
volume = {6}
}

@Article{holmboe08,
author = {K. Holmboe and R. Fearon and G. Csibra and L. Tucker and M. Johnson},
title = {Freeze-Frame: A new infant inhibition task and its relation to frontal cortex tasks during infancy and early childhood},
journal = {Journal of Experimental Child Psychology},
year = {2008},
volume = {100}
}

@Article{horvitz00,
author = {J. Horvitz},
title = {Mesolimbocortical and nigrostriatal dopamine responses to salient non-reward events},
journal = {Neuroscience},
year = {2000},
volume = {96}
}

@InBook{houk95,
author = {J. Houk and J. Adams and A. Barto},
editor = {J. Houk and J. Davis and D. Beiser},
title = {Models of Information Processing in the Basal Ganglia},
chapter = {A model of how the basal ganglia generates and uses neural signals that predict reinforcement},
year = {1995},
publisher = {MIT, Cambridge}
}

@Article{houk07,
author = {J. Houk and C. Bastianen and D. Fansler and A. Fishbach and D. Fraser and P. Reber and S. Roy and L. Simo},
title = {Action selection and refinement in subcortical loops through basal ganglia and cerebellum},
journal = {Philosophical Transactions of the Royal Society B Biological Sciences},
year = {2007},
volume = {362}
}

@Book{hull43,
author = {C. Hull},
title = {Principles of Behavior},
publisher = {D. Appleton-Century, New York},
year = {1943}
}

@Book{hull51,
author = {C. Hull},
title = {Essentials of Behavior},
publisher = {Yale University Press, New Haven},
year = {1951}
}

@Book{hull52,
author = {C. Hull},
title = {A Behavior System: An Introduction to Behavior Theory Concerning the Individual Organism},
publisher = {Yale University Press, New Haven},
year = {1952}
}

@Article{joel02,
author = {D. Joel and Y. Niv and E. Ruppin},
title = {Actor-critic models of the basal ganglia: New anatomical and computational perspectives},
journal = {Neural Networks},
year = {2002},
volume = {15}
}

@Article{johnson91,
author = {M. Johnson and M. Posner and M. Rothbart},
title = {Components of visual orienting in early infancy: Contingency learning, anticipatory looking, and disengaging},
journal = {Journal of Cognitive Neuroscience},
year = {1991},
volume = {3}
}

@Article{johnson03,
author = {S. Johnson and D. Amso and J. Slemmer},
title = {Development of object concepts in infancy: Evidence for early learning in an eye-tracking paradigm},
journal = {PNAS},
year = {2003},
volume = {100}
}

@Article{kalnins73,
author = {I. Kalnins and J. Bruner},
title = {The coordination of visual observation and instrumental behavior in early infancy},
journal = {Perception},
year = {1973},
volume = {2}
}

@InBook{kandel_basalganglia,
editor = {E. Kandel and J. Schwartz and T. Jessell and S. Siegelbaum and A. Hudspeth},
title = {Principles of Neural Science},
chapter = {43},
publisher = {McGraw-Hill},
year = {2013}
}

@Article{kenward10,
author = {B. Kenward},
title = {10-month-olds visually anticipate an outcome contingent on their own action},
journal = {Infancy},
year = {2010},
volume = {15}
}

@Article{kolling17,
author = {T. Kolling and J. Hohmann and M. Murakami and J. Triesch and M. Knopf},
title = {Gaze-Contingent Learning and Retention in 8-month-old infants},
note = {submitted}
}

@Article{lisman05,
author = {J. Lisman and A. Grace},
title = {The hippocampal-vta loop: Controlling the entry of information into long-term memory},
journal = {Neuron},
year = {2005},
volume = {46}
}

@Article{mareschal99,
author = {D. Mareschal and K. Plunkett and P. Harris},
title = {A computational and neuropsychological account of object-oriented behaviours in infancy},
journal = {Developmental Science},
year = {1999},
volume = {2}
}

@InProceedings{marraffa12,
author = {R. Marraffa and V. Sperati and D. Caligiore and J. Triesch and G. Baldassarre},
title = {A bio-inspired attention model of anticipation in gaze-contingency experiments with infants},
booktitle = {International Conference for Development and Learning and Epigenetic Robotics, ICDL-Epirob 2012}
}

@Article{marsland05,
author = {S. Marsland and U. Nehmzow and J. Shapiro},
title = {On-line novelty detection for autonomous mobile robots},
journal = {Robotics and Autonomous Systems},
year = {2005},
volume = {51}
}

@Book{mcfarland93,
author = {D. McFarland and T. B\"osser},
title = {Intelligent Behavior in Animals and Robots},
publisher = {MIT, Cambridge},
year = {1993}
}

@Article{mcmurray04,
author = {B. McMurray and R. Aslin},
title = {Anticipatory eye movements reveal infants' auditory and visual categories},
journal = {Infancy},
year = {2004},
volume = {6}
}

@Article{mink93,
author = {J. Mink and W. Thach},
title = {Basal ganglia intrinsic circuits and their role in behavior},
journal = {Current Opinions in Neurobiology},
year = {1993},
volume = {3}
}

@Article{mink96,
author = {J. Mink},
title = {The basal ganglia: Focused selection and inhibition of competing motor programs},
journal = {Progress in Neurobiology},
year = {1996},
volume = {50}
}

@InBook{mirolli13,
author = {M. Mirolli and G. Baldassarre},
editor = {G. Baldassarre and M. Mirolli},
title = {Intrinsically Motivated Learning in Natural and Artificial Systems},
chapter = {Functions and mechanisms of intrinsic motivations: the knowledge versus competence distinction},
publisher = {Springer-Verlag, Berlin},
year = {2013}
}

@Article{miyazaki14,
author = {M. Miyazaki and H. Takahashi and M. Rolf and H. Okada and T. Omori},
title = {The image-scratch paradigm: a new paradigm for evaluating infants' motivated gaze control},
journal = {Scientific reports},
year = {2014},
volume = {4}
}

@InProceedings{moulin-frier13,
author = {C. Moulin-Frier and P.-Y. Oudeyer},
title = {Exploration strategies in developmental robotics: a unified probabilistic framework},
booktitle = {IEEE Third Joint International Conference on Developmental and Learning and Epigenetic Robotics (ICDL)},
year = {2013}
}

@InBook{nehmzow13,
author = {U. Nehmzow and Y. Gatsoulis and E. Kerr and J. Condell and N. Siddique and M. McGinnity},
editor = {G. Baldassarre and M. Mirolli},
title = {Intrinsically Motivated Learning in Natural and Artificial Systems},
chapter = {Novelty detection as an intrinsic motivation for cumulative learning robots},
publisher = {Springer-Verlag, Berlin},
year = {2013}
}

@Article{oakes12,
author = {L. Oakes},
title = {Advances in eye tracking in infancy research},
journal = {Infancy},
year = {2012},
volume = {17}
}

@InBook{otmakova12,
author = {N. Otmakova and E. Duzel and A. Deutch and J. Lisman},
editor = {G. Baldassarre and M. Mirolli},
title = {Intrinsically Motivated Learning in Natural and Artificial Systems},
chapter = {The hippocampal-vta loop: The role of novelty and motivation in controlling the entry of information into long-term memory},
year = {2012},
publisher = {Springer-Verlag, Berlin}
}

@Article{oudeyer07,
author = {P.-Y. Oudeyer and F. Kaplan and V. Hafner},
title = {Intrinsic motivation systems for autonomous mental development},
journal = {IEEE Transactions on Evolutionary Computation},
year = {2007},
volume = {11}
}

@Article{quinn93,
author = {P. Quinn and P. Eimas and S. Rosenkrantz},
title = {Evidence for representations of perceptually similar natural categories by 3-month-old and 4-month-old infants},
journal = {Perception},
year = {1993},
volume = {22}
}

@Article{reader73,
author = {S. Reader},
title = {On-line monitoring of eye position signals in contingent and noncontingent paradigms},
journal = {Behaviour Research Methods \& Instrumentation},
year = {1973},
volume = {5}
}

@Article{redgrave99,
author = {P. Redgrave and T. Prescott and K. Gurney},
title = {The basal ganglia: a vertebrate solution to the selection problem?},
journal = {Neuroscience},
year = {1999},
volume = {89}
}

@Article{redgrave06,
author = {P. Redgrave and K. Gurney},
title = {The short-latency dopamine signal: a role in discovering novel actions?},
journal = {Nature reviews neuroscience},
year = {2006},
volume = {7}
}

@Article{redgrave07,
author = {P. Redgrave},
title = {Basal ganglia},
journal = {Scholarpedia},
year = {2007},
volume = {2}
}

@Article{redgrave08,
author = {P. Redgrave and K. Gurney and J. Reynolds},
title = {What is reinforced by phasic dopamine signals?},
journal = {Brain research reviews},
year = {2008},
volume = {58}
}

@Article{redgrave11,
author = {P. Redgrave and N. Vautrelle and J. Reynolds},
title = {Functional properties of the basal ganglia's reentrant loop architecture: selection and reinforcement},
journal = {Neuroscience},
year = {2011},
volume = {198}
}

@InBook{redgrave12,
author = {P. Redgrave and K. Gurney and T. Stafford and M. Thirkettle and J. Lewis},
editor = {G. Baldassarre and M. Mirolli},
title = {Intrinsically Motivated Learning in Natural and Artificial Systems},
chapter = {The role of the basal ganglia in discovering novel actions},
year = {2012},
publisher = {Springer-Verlag, Berlin}
}

@Article{rochat99,
author = {P. Rochat and T. Striano},
title = {Emerging self-exploration by two-month-old infants},
journal = {Science},
year = {1999},
volume = {2}
}

@Article{rochat00,
author = {P. Rochat and T. Striano},
title = {Perceived self in infancy},
journal = {Infant Behavior and Development},
year = {2000},
volume = {23}
}

@Article{rovee80,
author = {C. Rovee-Collier and M. Sullivan and M. Enright and D. Lucas and J. Fagen},
title = {Reactivation of infant memory},
journal = {Science},
year = {1980},
volume = {208}
}

@Book{rovee01,
author = {C. Rovee-Collier and H. Hayne and M. Colombo},
title = {The development of implicit and explicit memory},
year = {2001},
publisher = {John Benjamins Publishing Company, Amsterdam}
}

@Article{ryan00,
author = {R. Ryan and E. Deci},
title = {Self-determination theory and the facilitation of intrinsic motivation},
journal = {American psychologist},
year = {2000},
volume = {55}
}

@Article{ryan00b,
author = {R. Ryan and E. Deci},
title = {Intrinsic and extrinsic motivations: Classic definitions and new directions},
journal = {Contemporary educational psychology},
year = {2000},
volume = {25}
}

@Article{santucci13,
author = {V. Santucci and G. Baldassarre and M. Mirolli},
title = {Which is the best intrinsic motivation signal for learning multiple skills?},
journal = {Frontiers in Neurorobotics},
year = {2013},
volume = {7}
}

@InProceedings{schembri07,
author = {M. Schembri and M. Mirolli and G. Baldassarre},
title = {Evolving internal reinforcers for an intrinsically motivated reinforcement-learning robot},
booktitle = {Proceedings of the 6th International Conference on Development and Learning},
year = {2007},
editor = {Y. Demiris and D. Mareschal and B. Scassellati and J. Weng}
}

@Article{schlesinger01,
author = {M. Schlesinger and D. Parisi},
title = {The {A}gent-{B}ased {A}pproach: {A} {N}ew {D}irection for {C}omputational {M}odels of {D}evelopment},
journal = {Developmental Review},
year = {2001},
volume = {21}
}

@InProceedings{schmidhuber91,
author = {J. Schmidhuber},
title = {A possibility	for implementing	 curiosity and boredom in model-­building neural controllers},
booktitle = {From animals to animats: Proceedings of the first international conference on simulation of adaptive behavior},
year = {1991}
}

@InProceedings{schmidhuber91b,
author = {J. Schmidhuber},
title = {Curious model-building control systems},
booktitle = {Proceedings of the International Joint Conference on Neural Networks},
year = {1991}
}

@InBook{schmidhuber09,
author = {J. Schmidhuber},
editor = {G. Pezzulo and M. Butz and O. Sigaud and G. Baldassarre},
title = {Anticipatory Behavior in Adaptive Learning Systems. From Psychological Theories to Artifical Cognitive Systems},
chapter = {Driven by compression progress: A simple principle explains essential aspects of subjective beauty, novelty, surprise, interestingness, attention, curiosity, creativity, art, science, music, jokes},
publisher = {Springer-Verlag, Berlin},
year = {2009}
}

@Article{schmidhuber10,
author = {J. Schmidhuber},
title = {Formal theory of creativity, fun, and intrinsic motivation (1990-2010)},
journal = {IEEE Transactions on Autonomous Mental Development},
year = {2010},
volume = {2}
}

@Article{schultz97,
author = {W. Schultz and P. Dayan and P. Montague},
title = {A neural substrate of prediction and reward},
journal = {Science},
year = {1997},
volume = {275}
}

@Article{schultz00,
author = {W. Schultz and A. Dickinson},
title = {Neuronal coding of prediction errors},
journal = {Annual Review of Neuroscience},
year = {2000},
volume = {23}
}

@Book{scott92,
author = {D. Scott},
title = {Multivariate Density Estimation: Theory, Practice, and Visualization},
publisher = {Chicester, John Wiley \& Sons},
year = {1992}
}

@Article{shen08,
author = {W. Shen and M. Flajolet and P. Greengard and D. Surmeier},
title = {Dichotomous dopaminergic control of striatal synaptic plasticity},
journal = {Science},
year = {2008},
volume = {321}
}

@Book{shultz03,
author = {T. Shultz},
ALTeditor = {},
title = {Computational Developmental Psychology},
publisher = {MIT Press},
year = {2003}
}

@InProceedings{singh05,
author = {S. Singh and A. Barto and N. Chentanez},
title = {Intrinsically motivated reinforcement learning},
booktitle = {Advances in Neural Information Processing Systems 17: Proceedings of the 2004 Conference},
year = {2005},
editor = {L. Saul and Y. Weiss and L. Bottou}
}

@Article{siqueland69,
author = {E. Siqueland and C. De Lucia},
title = {Visual reinforcement of nonnutrive sucking in human infants},
journal = {Science},
year = {1969},
volume = {12}
}

@Article{smith03,
author = {W. Smith and S. Johnson and E. Spelke},
title = {Motion and edge sensitivity in perception of object unity},
journal = {Cognitive Psychology},
year = {2003},
volume = {46}
}

@InProceedings{sperati14,
author = {V. Sperati and G. Baldassarre},
title = {Learning where to look with movement-based intrinsic motivations: A bio-inspired model},
booktitle = {International Conference for Development and Learning and Epigenetic Robotics, ICDL-Epirob 2014}
}

@Book{sutton98,
author = {R. Sutton and A. Barto},
title = {Reinforcement Learning},
publisher = {The MIT Press},
year = {1998}
}

@Article{tummeltshammer14,
author = {K. Tummeltshammer and D. Mareschal and N. Kirkham},
title = {Infants' selective attention to reliable visual cues in the presence of salient distractors},
journal = {Child Development},
year = {2014},
volume = {85}
}

@Article{wang12,
author = {Q. Wang and J. Bolhuis and C. Rothkopf and T. Kolling and M. Knopf and J. Triesch},
title = {Infants in {C}ontrol: {R}apid {A}nticipation of {A}ction {O}utcomes in a {G}aze-{C}ontingent {P}aradigm},
journal = {PLoS ONE},
year = {2012},
volume = {7}
}

@Article{wass11,
author = {S. Wass and K. Porayska-Pomsta and M. Johnson},
title = {Training attentional control in infancy},
journal = {Current Biology},
year = {2011},
volume = {18}
}

@Article{weng01,
author = {J. Weng and J. McClelland and A. Pentland and O. Sporns and I. Stockman and M. Sur and E. Thelen},
title = {Autnonomous mental development by robots and animals},
journal = {Science},
year = {2001},
volume = {291}
}

@Article{white59,
author = {R. White},
title = {Motivation reconsidered: The concept of competence},
journal = {Psychological Review},
year = {1959},
volume = {66}
}

@Misc{xkcd,
OPTkey = {•},
author = {R. Munroe},
title = {The {D}ifference},
howpublished = {\url{https://xkcd.com/242/}},
month = {March},
year = {2007}
}